<?xml version="1.0" encoding="UTF-8"?>
<collection xmlns:xsi="http://www.w3.org/2001/XMLSchema-instance" xsi:schemaLocation="http://www.loc.gov/MARC21/slim http://www.loc.gov/standards/marcxml/schema/MARC21slim.xsd" xmlns="http://www.loc.gov/MARC21/slim">
<record>
  <leader>00782cam a22001931  4500</leader>
  <controlfield tag="001">3071151</controlfield>
  <controlfield tag="003">NNC</controlfield>
  <controlfield tag="005">20130426015353.0</controlfield>
  <controlfield tag="008">010821s1964    iq            000 0 ara d</controlfield>
  <datafield tag="035" ind1=" " ind2=" ">
    <subfield code="a">(OCoLC)ocm47812886</subfield>
  </datafield>
  <datafield tag="035" ind1=" " ind2=" ">
    <subfield code="9">ATP4109CU</subfield>
  </datafield>
  <datafield tag="035" ind1=" " ind2=" ">
    <subfield code="a">(NNC)3071151</subfield>
  </datafield>
  <datafield tag="040" ind1=" " ind2=" ">
    <subfield code="a">ZCU</subfield>
    <subfield code="c">ZCU</subfield>
  </datafield>
  <datafield tag="099" ind1=" " ind2=" ">
    <subfield code="a">893.7991</subfield>
    <subfield code="a">W251</subfield>
  </datafield>
  <datafield tag="100" ind1="0" ind2=" ">
    <subfield code="a">Warrām al-Ḥillī,</subfield>
    <subfield code="d">-1208.</subfield>
  </datafield>
  <datafield tag="245" ind1="1" ind2="0">
    <subfield code="a">Tanbīh al-khawātir wanuzhat al-nawāẓir,</subfield>
    <subfield code="b">al-maʻrūf bi Majmūʻat Warrām,</subfield>
    <subfield code="c">taʾlīf al-amīr al-zāhid Abī-al-Ḥusayn Warrām ibn Abī-Firās al-Mālikī al-Ashtarī (al-mutawaffā 605 h.) qaddama lahū al-ʻallāmah ... al-sayyid Muḥammad-Sādiq Baḥr-alʻUlūm.</subfield>
  </datafield>
  <datafield tag="260" ind1=" " ind2=" ">
    <subfield code="a">al-Najaf,</subfield>
    <subfield code="b">al-Maktabah al-Ḥaydarīyah,</subfield>
    <subfield code="c">1384 h., 1964 m.</subfield>
  </datafield>
  <datafield tag="300" ind1=" " ind2=" ">
    <subfield code="a">16, 536 p.</subfield>
  </datafield>
  <datafield tag="955" ind1=" " ind2=" ">
    <subfield code="b">CU58869735</subfield>
    <subfield code="d">off,glx</subfield>
    <subfield code="e">893.7991 W251</subfield>
  </datafield>
</record>
</collection>